% businessintelligence.bib                      %
%%%%%%%%%%%%%%%%%%%%%%%%%%%%%%%%%%%%%%%%%%%%%%%%%

% Hier sind alle Quellen drin, die die folgenden Bereiche abdecken
% - Business Intelligence
% - Prozesse

%%%%%%%%%%%%%%%%%%%%%%%%%%%%%%%%%%%%%%%%%%%%%%%%%

% Suchbegriff:      (Business AND Intelligence) OR BI
% Suchdatum:        18.12.2020
% Suchplattform:    Google Scholar
% Relevanz:         BI Benefits, BI Success, Geschichte
@article{watson2007current,
  title={The current state of business intelligence},
  author={Watson, Hugh J and Wixom, Barbara H},
  journal={Computer},
  volume={40},
  number={9},
  pages={96--99},
  year={2007},
  publisher={IEEE}
}

% Suchbegriff:      ((Business AND Intelligence) OR BI) AND Costs
% Suchdatum:        18.12.2020
% Suchplattform:    Google Scholar
% Relevanz:         Geschichte, Definition BI, Beschreibung Prozesskomponenten
@article{foley2010business,
  title={What is business intelligence?},
  author={Foley, {\'E}ric and Guillemette, Manon G},
  journal={International Journal of Business Intelligence Research (IJBIR)},
  volume={1},
  number={4},
  pages={1--28},
  year={2010},
  publisher={IGI Global}
}

% Suchbegriff:      Business Intelligence OR BI
% Suchdatum:        18.12.2020
% Suchplattform:    Google Scholar
% Relevanz:         BI Prozess, Software, OLAP/Warehouse, Analysemöglichkeiten
% Titel im Druck:   Chapter 2 - Business Intelligence  
@article{niu2009cognition,
  title={Cognition-driven decision support for business intelligence},
  author={Niu, Li and Lu, Jie and Zhang, Guangquan},
  journal={Models, Techniques, Systems and Applications. Studies in Computational Intelligence, Springer, Berlin},
  pages={19--29},
  year={2009},
  publisher={Springer}
}

% Suchbegriff:      Loshin AND Business AND Intelligence
% Suchdatum:        18.12.2020
% Suchplattform:    Google Scholar
% Relevanz:         ROI Hypothese, Gute Zusammenfassung von BI
@article{kasemsap2016fundamentals,
  title={The fundamentals of business intelligence},
  author={Kasemsap, Kijpokin},
  journal={International Journal of Organizational and Collective Intelligence (IJOCI)},
  volume={6},
  number={2},
  pages={12--25},
  year={2016},
  publisher={IGI Global}
}

% Suchbegriff:      ((Business AND Intelligence) OR BI) AND Scrum
% Suchdatum:        18.12.2020
% Suchplattform:    Google Scholar
% Relevanz:         BI Prozess, Scrum als PM, Prozess Abb. High Level
@article{muntean2013agile,
  title={Agile BI-The Future of BI.},
  author={Muntean, Mihaela and Surcel, Traian},
  journal={Informatica Economica},
  volume={17},
  number={3},
  year={2013}
}

% Suchbegriff:      ((Business AND Intelligence) OR BI) AND Project AND Management
% Suchdatum:        18.12.2020
% Suchplattform:    Google Scholar
% Relevanz:         Business Value, Wann lohnt sich BI
@article{williams2003business,
  title={The business value of business intelligence},
  author={Williams, Steve and Williams, Nancy and others},
  journal={Business Intelligence Journal},
  volume={8},
  pages={30--39},
  year={2003},
  publisher={The Data Warehouse Institute}
}

% Suchbegriff:      Mining AND Cryptocurrency AND Business AND Intelligence
% Suchdatum:        06.02.2021
% Suchplattform:    Google Scholar
% Relevanz:         Wenn dann nur am Rand, Interdisz. Paper
@article{botocs2017bitcoin,
  title={Bitcoin Intelligence--Business Intelligence meets Crypto Currency},
  author={Boto{\c{s}}, Horia Mircea},
  journal={CES Working Papers},
  volume={9},
  number={3},
  pages={488--505},
  year={2017},
  publisher={Alexandru Ioan Cuza University of Iasi, Centre for European Studies}
}

% Suchbegriff:      Loshin AND Business AND Intelligence
% Suchdatum:        18.12.2020
% Suchplattform:    Google Scholar
% Relevanz:         Business Justification, Nur am Rande
@article{azma2012business,
  title={Business intelligence as a key strategy for development organizations},
  author={Azma, Fereydoon and Mostafapour, Mohammad Ali},
  journal={Procedia Technology},
  volume={1},
  pages={102--106},
  year={2012},
  publisher={Elsevier}
}

% Suchbegriff:      (Business Intelligence OR BI) AND Project AND Management
% Suchdatum:        18.12.2020
% Suchplattform:    Google Scholar
% Relevanz:         Grunddefinition, Evolutionärer Ansatz, BI Dimensionen, Anforderungen
@article{yeoh2010critical,
  title={Critical success factors for business intelligence systems},
  author={Yeoh, William and Koronios, Andy},
  journal={Journal of computer information systems},
  volume={50},
  number={3},
  pages={23--32},
  year={2010},
  publisher={Taylor \& Francis}
}

% Suchbegriff:      (Business Intelligence OR BI) AND Project AND Management
% Suchdatum:        18.12.2020
% Suchplattform:    Google Scholar
% Relevanz:         Anforderungen IS, Prios CIO, sonst s.o.
@article{yeoh2008managing,
  title={Managing the implementation of business intelligence systems: a critical success factors framework},
  author={Yeoh, William and Koronios, Andy and Gao, Jing},
  journal={International Journal of Enterprise Information Systems (IJEIS)},
  volume={4},
  number={3},
  pages={79--94},
  year={2008},
  publisher={IGI Global}
}

% Suchbegriff:      Data AND Driven AND Business
% Suchdatum:        18.12.2020
% Suchplattform:    EBSCO
% Relevanz:         Data model, Key data, Key activities, Value proposition, Grundlagen data-driven
@article{hartmann2016capturing,
  title={Capturing value from big data--a taxonomy of data-driven business models used by start-up firms},
  author={Hartmann, Philipp Max and Zaki, Mohamed and Feldmann, Niels and Neely, Andy},
  journal={International Journal of Operations \& Production Management},
  year={2016},
  publisher={Emerald Group Publishing Limited}
}

% Suchbegriff:      ((Business AND Intelligence) OR BI) AND Risk
% Suchdatum:        18.12.2020
% Suchplattform:    Google Scholar
% Relevanz:         Gutes Bild CSF, Cap, gute Hypothesenprüfung für Entscheidung & Integration
@article{icsik2013business,
  title={Business intelligence success: The roles of BI capabilities and decision environments},
  author={Isik, Oyku and Jones, Mary C and Sidorova, Anna},
  journal={Information \& management},
  volume={50},
  number={1},
  pages={13--23},
  year={2013},
  publisher={Elsevier}
}

% Suchbegriff:      ((Business AND Intelligence) OR BI) AND Risk
% Suchdatum:        18.12.2020
% Suchplattform:    Google Scholar
% Relevanz:         10 BI Faktoren, gut
@article{isik2011business,
  title={Business intelligence (BI) success and the role of BI capabilities},
  author={Isik, Oyku and Jones, Mary C and Sidorova, Anna},
  journal={Intelligent systems in accounting, finance and management},
  volume={18},
  number={4},
  pages={161--176},
  year={2011},
  publisher={Wiley Online Library}
}

% Suchbegriff:      Loshin AND Business AND Intelligence
% Suchdatum:        18.12.2020
% Suchplattform:    Google Scholar
% Relevanz:         Rolle PM und Top Mgmt, Methodik
@article{villamarin2017key,
  title={Key success factors to business intelligence solution implementation},
  author={Villamar\'{i}n, Jos\'{e} Manuel and Diaz Pinzon, Beatriz},
  journal={Journal of Intelligence Studies in Business},
  volume={7},
  number={1},
  pages={48--69},
  year={2017}
}

% Suchbegriff:      Loshin AND Business AND Intelligence
% Suchdatum:        18.12.2020
% Suchplattform:    EBSCO
% Relevanz:         Gutes BI Bild, BI Definition und Komponenten
@article{ranjan2008business,
  title={Business justification with business intelligence},
  author={Ranjan, Jayanthi},
  journal={Vine},
  year={2008},
  publisher={Emerald Group Publishing Limited}
}

% Suchbegriff:      ((Business AND Intelligence) OR BI) AND Implementation
% Suchdatum:        18.12.2020
% Suchplattform:    Google Scholar
% Relevanz:         Stakeholder, Benefits, Einführung von BI beispielhaft
@article{horakova2013business,
  title={Business intelligence and implementation in a small enterprise},
  author={Horakova, Marketa and Skalska, Hana},
  year={2013}
}

% Suchbegriff:      ((Business AND Intelligence) OR BI) AND Project AND Management
% Suchdatum:        18.12.2020
% Suchplattform:    Google Scholar
% Relevanz:         Risikotypen, Risikoberechnung in BI
@article{wu2014business,
  title={Business intelligence in risk management: Some recent progresses},
  author={Wu, Desheng Dash and Chen, Shu-Heng and Olson, David L},
  journal={Information Sciences},
  volume={256},
  pages={1--7},
  year={2014},
  publisher={Elsevier}
}

% Suchbegriff:      ((Business AND Intelligence) OR BI) AND Implementation
% Suchdatum:        18.12.2020
% Suchplattform:    Google Scholar
% Relevanz:         BI und Personalhypothese
@article{foshay2014towards,
  title={Towards an implementation framework for business intelligence in healthcare},
  author={Foshay, Neil and Kuziemsky, Craig},
  journal={International Journal of Information Management},
  volume={34},
  number={1},
  pages={20--27},
  year={2014},
  publisher={Elsevier}
}

% Suchbegriff:      ((Business AND Intelligence) OR BI) AND Risk
% Suchdatum:        18.12.2020
% Suchplattform:    Google Scholar
% Relevanz:         IT Landschaft Big Data, Hadoop
@article{rahman2015big,
  title={Big data business intelligence in bank risk analysis},
  author={Rahman, Nayem and Iverson, Shane},
  journal={International Journal of Business Intelligence Research (IJBIR)},
  volume={6},
  number={2},
  pages={55--77},
  year={2015},
  publisher={IGI Global}
}

% Suchbegriff:      ((Business AND Intelligence) OR BI) AND Risk
% Suchdatum:        18.12.2020
% Suchplattform:    Google Scholar
% Relevanz:         Anforderungen BI in der Cloud
@article{chang2014business,
  title={The business intelligence as a service in the cloud},
  author={Chang, Victor},
  journal={Future Generation Computer Systems},
  volume={37},
  pages={512--534},
  year={2014},
  publisher={Elsevier}
}

% Suchbegriff:      ((Business AND Intelligence) OR BI) AND Costs
% Suchdatum:        18.12.2020
% Suchplattform:    Google Scholar
% Relevanz:         Investment BI, Value, Benefits, Costs, OPLAP, gut!
@article{hovcevar2010assessing,
  title={Assessing benefits of business intelligence systems--a case study},
  author={Ho{\v{c}}evar, Borut and Jakli{\v{c}}, Jurij},
  journal={Management: journal of contemporary management issues},
  volume={15},
  number={1},
  pages={87--119},
  year={2010},
  publisher={Sveu{\v{c}}ili{\v{s}}te u Splitu, Ekonomski fakultet}
}

% Suchbegriff:      n/a
% Suchdatum:        18.12.2020
% Suchplattform:    n/a
% Relevanz:         BI Grundlagen
@book{loshin2012business,
  title={Business intelligence: the savvy manager's guide},
  author={Loshin, David},
  year={2012},
  publisher={Newnes}
}

% Suchbegriff:      n/a
% Suchdatum:        18.12.2020
% Suchplattform:    n/a
% Relevanz:         BI Grundlagen
@article{boyer2010business,
  title={Business intelligence strategy},
  author={Boyer, John and Frank, Bill and Green, Brian and Harris, Tracy and Van De Vanter, Kay},
  journal={IBM Corporation},
  year={2010}
}

% Suchbegriff:      n/a
% Suchdatum:        15.03.2021
% Suchplattform:    n/a
% Relevanz:         Trading Algorithmen
@book{chan2013algorithmic,
  title={Algorithmic trading: winning strategies and their rationale},
  author={Chan, Ernie},
  volume={625},
  year={2013},
  publisher={John Wiley \& Sons}
}

% Suchbegriff:      Business AND Analytics
% Suchdatum:        23.03.2021
% Suchplattform:    Google Scholar
% Relevanz:         Arten von Business Analytics
@article{bihani2014comparative,
  title={A comparative study of data analysis techniques},
  author={Bihani, Prateek and Patil, ST},
  journal={International journal of emerging trends \& technology in computer science},
  volume={3},
  number={2},
  pages={95--101},
  year={2014}
}

% Suchbegriff:      Data AND In AND Business AND Intelligence
% Suchdatum:        26.03.2021
% Suchplattform:    Google Scholar
% Relevanz:         Datensorten in BI
@article{kimble2015big,
  title={Big data and business intelligence: Debunking the myths},
  author={Kimble, Chris and Milolidakis, Giannis},
  journal={Global Business and Organizational Excellence},
  volume={35},
  number={1},
  pages={23--34},
  year={2015},
  publisher={Wiley Online Library}
}

% Suchbegriff:      Data AND Quality
% Suchdatum:        26.03.2021
% Suchplattform:    Google Scholar
% Relevanz:         Qualitätskriterien für Daten
@article{huh1990data,
  title={Data quality},
  author={Huh, YU and Keller, FR and Redman, Thomas C and Watkins, AR},
  journal={Information and software technology},
  volume={32},
  number={8},
  pages={559--565},
  year={1990},
  publisher={Elsevier}
}

% Suchbegriff:      Google AND Cloud AND Data AND Warehouse
% Suchdatum:        12.04.2021
% Suchplattform:    Google
% Relevanz:         BI Produkte der Google Cloud
@online{googlecloud2021dw,
  title = {What is a data warehouse?},
  author = {{Google Cloud}},
  url = {https://cloud.google.com/learn/what-is-a-data-warehouse},
  urltime = {12:15},
  urldate = {2021-04-12}
}

% Suchbegriff:      Google AND Cloud AND Cronjobs
% Suchdatum:        14.04.2021
% Suchplattform:    Google
% Relevanz:         Cronjobs in der Google Cloud
@online{googlecloud2021scheduler,
  title = {Cloud Scheduler},
  author = {{Google Cloud Scheduler}},
  url = {https://cloud.google.com/scheduler},
  urltime = {12:45},
  urldate = {2021-04-14}
}
