%%%%%%%%%%%%%%%%%%%%%%%%%%%%%%%%%%%%%%%%%%%%%%%%%
% cryptomining.bib                              %
%%%%%%%%%%%%%%%%%%%%%%%%%%%%%%%%%%%%%%%%%%%%%%%%%

% Hier sind alle Quellen drin, die die folgenden Bereiche abdecken
% - Blockchain
% - Mining
% - Mining Datencenter
% - Bitcoin

%%%%%%%%%%%%%%%%%%%%%%%%%%%%%%%%%%%%%%%%%%%%%%%%%

% Suchbegriff:      Bitcoin AND Mining AND Venture
% Suchdatum:        07.02.2021
% Suchplattform:    Google Scholar
% Relevanz:         Wert- und Kostenflüsse, Cashflow, Mining Hardware
@article{derks2018chaining,
  title={From chaining blocks to breaking even: A study on the profitability of bitcoin mining from 2012 to 2016},
  author={Derks, Jona and Gordijn, Jaap and Siegmann, Arjen},
  journal={Electronic Markets},
  volume={28},
  number={3},
  pages={321--338},
  year={2018},
  publisher={Springer}
}

% Suchbegriff:      Bitcoin AND Mining AND Venture
% Suchdatum:        07.02.2021
% Suchplattform:    Google Scholar
% Relevanz:         Anteil von Mining Firmen in StartUps
@inproceedings{friedlmaier2018disrupting,
  title={Disrupting industries with blockchain: The industry, venture capital funding, and regional distribution of blockchain ventures},
  author={Friedlmaier, Maximilian and Tumasjan, Andranik and Welpe, Isabell M},
  booktitle={Venture capital funding, and regional distribution of blockchain ventures (September 22, 2017). Proceedings of the 51st annual Hawaii international conference on system sciences (HICSS)},
  year={2018}
}

% Suchbegriff:      Bitcoin AND Ledger
% Suchdatum:        07.02.2021
% Suchplattform:    Google Scholar
% Relevanz:         Schlechte Vorhersehbarkeit von BTC Kursen
@inproceedings{badertscher2017bitcoin,
  title={Bitcoin as a transaction ledger: A composable treatment},
  author={Badertscher, Christian and Maurer, Ueli and Tschudi, Daniel and Zikas, Vassilis},
  booktitle={Annual international cryptology conference},
  pages={324--356},
  year={2017},
  organization={Springer}
}

% Suchbegriff:      Große AND Bitcoin AND Miner
% Suchdatum:        07.02.2021
% Suchplattform:    Google
% Relevanz:         Aufteilung der Hashrate
@online{btccom2021miner,
  title = {Pool Distribution (calulate by blocks)},
  author = {btc.com},
  url = {https://btc.com/stats/pool},
  date = {2021-02-07},
  urltime = {12:30},
  urldate = {2021-02-07}
}

% Suchbegriff:      Bitcoin AND Mining
% Suchdatum:        07.02.2021
% Suchplattform:    Google Scholar
% Relevanz:         Einfache Erklärung von Mining
@inproceedings{kroll2013economics,
  title={The economics of Bitcoin mining, or Bitcoin in the presence of adversaries},
  author={Kroll, Joshua A and Davey, Ian C and Felten, Edward W},
  booktitle={Proceedings of WEIS},
  volume={2013},
  pages={11},
  year={2013}
}

% Suchbegriff:      Bitcoin AND Whitepaper
% Suchdatum:        07.02.2021
% Suchplattform:    Google Scholar
% Relevanz:         Erstveröffentlichung über Bitcoin, Mining
@article{nakamoto2008bitcoin,
  title={Bitcoin: A peer-to-peer electronic cash system},
  author={Nakamoto, Satoshi},
  journal={URL: https://bitcoin.org/bitcoin.pdf},
  year={2008}
}

% Suchbegriff:      Bitcoin AND Cloud AND Mining
% Suchdatum:        07.02.2021
% Suchplattform:    Google Scholar
% Relevanz:         Mining Pools, Cloud Mining, Hardware, Blockchain
@incollection{bhaskar2015bitcoin,
  title={Bitcoin mining technology},
  author={Bhaskar, Nirupama Devi and Chuen, David LEE Kuo},
  booktitle={Handbook of digital currency},
  pages={45--65},
  year={2015},
  publisher={Elsevier}
}

% Suchbegriff:      Crypto AND Mining AND Data AND Center
% Suchdatum:        06.02.2021
% Suchplattform:    Google Scholar
% Relevanz:         ASIC Cloud, TCO, Cloud Design
@article{xie2018extreme,
  title={Extreme datacenter specialization for planet-scale computing: Asic clouds},
  author={Xie, Shaolin and Davidson, Scott and Magaki, Ikuo and Khazraee, Moein and Vega, Luis and Zhang, Lu and Taylor, Michael B},
  journal={ACM SIGOPS Operating Systems Review},
  volume={52},
  number={1},
  pages={96--108},
  year={2018},
  publisher={ACM New York, NY, USA}
}

% Suchbegriff:      Crypto AND Mining AND Data AND Center
% Suchdatum:        06.02.2021
% Suchplattform:    Google Scholar
% Relevanz:         PoW Erklärung
@inproceedings{li2019blockchain,
  title={Blockchain-enabled data provenance in cloud datacenter reengineering},
  author={Li, Haochen and Gai, Keke and Fang, Zhengkang and Zhu, Liehuang and Xu, Lei and Jiang, Peng},
  booktitle={Proceedings of the 2019 ACM International Symposium on Blockchain and Secure Critical Infrastructure},
  pages={47--55},
  year={2019}
}

% Suchbegriff:      Crypto AND Mining AND Optimization AND Hardware
% Suchdatum:        06.02.2021
% Suchplattform:    Google Scholar
% Relevanz:         Cloud Mining
@article{gai2020blockchain,
  title={Blockchain meets cloud computing: a survey},
  author={Gai, Keke and Guo, Jinnan and Zhu, Liehuang and Yu, Shui},
  journal={IEEE Communications Surveys \& Tutorials},
  volume={22},
  number={3},
  pages={2009--2030},
  year={2020},
  publisher={IEEE}
}

% Suchbegriff:      Bitcoin AND Hardware
% Suchdatum:        06.02.2021
% Suchplattform:    IEEExplore
% Relevanz:         Geschichte des Mining
@article{taylor2017evolution,
  title={The evolution of bitcoin hardware},
  author={Taylor, Michael Bedford},
  journal={Computer},
  volume={50},
  number={9},
  pages={58--66},
  year={2017},
  publisher={IEEE}
}

% Suchbegriff:      Mining AND Cryptocurrency AND Optimization
% Suchdatum:        06.02.2021
% Suchplattform:    Google Scholar
% Relevanz:         Wenns reinpasst schön. Wahrscheinlich nicht relevant.
@inproceedings{courtois2014optimizing,
  title={Optimizing sha256 in bitcoin mining},
  author={Courtois, Nicolas T and Grajek, Marek and Naik, Rahul},
  booktitle={International Conference on Cryptography and Security Systems},
  pages={131--144},
  year={2014},
  organization={Springer}
}

% Suchbegriff:      Mining AND Cryptocurrency AND Optimization
% Suchdatum:        06.02.2021
% Suchplattform:    IEEExplore
% Relevanz:         PoW + Alternativen wie PoS etc
@inproceedings{han2019demystifying,
  title={Demystifying crypto-mining: Analysis and optimizations of memory-hard pow algorithms},
  author={Han, Runchao and Foutris, Nikos and Kotselidis, Christos},
  booktitle={2019 IEEE International Symposium on Performance Analysis of Systems and Software (ISPASS)},
  pages={22--33},
  year={2019},
  organization={IEEE}
}

% Suchbegriff:      Mining AND Cryptocurrency
% Suchdatum:        17.02.2021
% Suchplattform:    Google Scholar
% Relevanz:         Geschichte BTC
@inproceedings{mukhopadhyay2016brief,
  title={A brief survey of cryptocurrency systems},
  author={Mukhopadhyay, Ujan and Skjellum, Anthony and Hambolu, Oluwakemi and Oakley, Jon and Yu, Lu and Brooks, Richard},
  booktitle={2016 14th annual conference on privacy, security and trust (PST)},
  pages={745--752},
  year={2016},
  organization={IEEE}
}

% Suchbegriff:      Mining AND Stromverbrauch
% Suchdatum:        19.02.2021
% Suchplattform:    Google
% Relevanz:         Stromverbrauch Mining
@online{dwcom2021bitcoin,
  title = {Der unersättliche Stromfresser: Bitcoin},
  author = {Timothy Rooks},
  url = {https://www.dw.com/de/energie-stromverbrauch-bitcoin-mining/a-56589030},
  date = {2021-02-16},
  urltime = {11:40},
  urldate = {2021-02-19}
}

% Suchbegriff:      Bitcoin AND Halving
% Suchdatum:        19.02.2021
% Suchplattform:    Google
% Relevanz:         Aktueller Blockreward
@online{btcecho2021halving,
  title = {Bitcoin-Halving abgeschlossen: Ab jetzt nur noch 6,25 BTC pro Block},
  author = {Christopher Klee},
  url = {https://www.btc-echo.de/es-ist-vollbracht-bitcoin-ist-jetzt-noch-seltener/},
  date = {2020-05-11},
  urltime = {19:25},
  urldate = {2021-02-19}
}

% Suchbegriff:      S19 Pro AND Miner AND Spec
% Suchdatum:        23.02.2021
% Suchplattform:    Google
% Relevanz:         Stromverbrauch S19 Pro Miner
@online{s19pro2021consumption,
  title = {S19 Pro Specifications},
  author = {Jocelyn},
  url = {https://support.bitmain.com/hc/en-us/articles/900000261726-S19-Pro-Specifications},
  date = {2020-02-27},
  urltime = {10:20},
  urldate = {2021-02-23}
}

% Suchbegriff:      Bitcoin AND Tweet AND Elon AND Musk
% Suchdatum:        20.03.2021
% Suchplattform:    Google
% Relevanz:         Einfluss Social Media Bitcoin Kurs
@online{forbes2021musk,
  title = {How Elon Musk Moves The Price Of Bitcoin With His Twitter Activity},
  author = {Ron Shevlin},
  url = {https://www.forbes.com/sites/ronshevlin/2021/02/21/how-elon-musk-moves-the-price-of-bitcoin-with-his-twitter-activity/},
  date = {2021-02-21},
  urltime = {16:25},
  urldate = {2021-03-20}
}
@article{ante2021elon,
  title={How Elon Musk's Twitter Activity Moves Cryptocurrency Markets},
  author={Ante, Lennart},
  journal={Available at SSRN 3778844},
  year={2021}
}

% Suchbegriff:      Monte AND Carlo AND Simulation AND Bitcoin
% Suchdatum:        05.04.2021
% Suchplattform:    Google Scholar
% Relevanz:         Verwendung Monte Carlo Simulationen
@article{cocco2016modeling,
  title={Modeling and Simulation of the Economics of Mining in the Bitcoin Market},
  author={Cocco, Luisanna and Marchesi, Michele},
  journal={PloS one},
  volume={11},
  number={10},
  pages={e0164603},
  year={2016},
  publisher={Public Library of Science San Francisco, CA USA}
}

% Suchbegriff:      Blockchain AND Technology AND Trends
% Suchdatum:        21.04.2021
% Suchplattform:    Google
% Relevanz:         Trends in der Blockchain Technologie
@online{wiesflecker2021trends,
  title = {The top 10 blockchain trends for 2021},
  author = {Lukas Wiesflecker},
  url = {https://medium.com/coinmonks/the-top-10-blockchain-trends-for-2021-7b60db0ee1d0},
  date = {2021-02-26},
  urltime = {10:50},
  urldate = {2021-04-21}
}

% Suchbegriff:      Bitcoin AND Price AND Charts
% Suchdatum:        29.04.2021
% Suchplattform:    Google
% Relevanz:         Entwicklung des Bitcoin Kurses
@online{tradingview2021btcusd,
  title = {BTCUSD},
  author = {tradingview.com},
  url = {https://www.tradingview.com/chart/P0BGpG3y/},
  date = {2021-04-29},
  urltime = {10:10},
  urldate = {2021-04-29}
}