%%%%%%%%%%%%%%%%%%%%%%%%%%%%%%%%%%%%%%%%%%%%%%%%%
% genesismining.bib                             %
%%%%%%%%%%%%%%%%%%%%%%%%%%%%%%%%%%%%%%%%%%%%%%%%%

% Hier sind alle Quellen drin, die die folgenden Bereiche abdecken
% - Alle internen Quellen

%%%%%%%%%%%%%%%%%%%%%%%%%%%%%%%%%%%%%%%%%%%%%%%%%

% Relevanz:         Layout von Miner Regalen in Kardok
@article{appendix:layoutkardok,
  year  = {2019},
  author = {{Genesis Group}},
  title = {Kardok Layout.pdf},
  journal = {Anhang 1.1}
}

% Relevanz:         Funktionsweise von Mining Proxy
@article{appendix:miningproxy,
  year = {2020},
  author = {{Genesis Group}},
  title = {2020-02-13 Team Ting},
  journal = {Anhang 1.2}
}

% Relevanz:         Ausschnitt Netzwerkaufbau
@article{appendix:networktopology,
  year = {2019},
  author = {{Genesis Group AG}},
  title = {Network Topology KAZ},
  journal = {Anhang 1.3}
} 

% Relevanz:         Zusammenfassung eines Rechenzentrum Investments
@article{appendix:summaryofinvestment,
  year = {2020},
  author = {{Genesis Group}},
  title = {20200623 Nordics Datacenter - Business Model -v5},
  journal = {Anhang 1.4}
}

% Relevanz:         CapEx eines Rechenzentrums
@article{appendix:capex,
  year = {2020},
  author = {{Genesis Group}},
  title = {20200623 Nordics Datacenter - Business Model -v5},
  journal = {Anhang 1.5}
}

% Relevanz:         OpEx eines Rechenzentrums
@article{appendix:opex,
  year = {2020},
  author = {{Genesis Group}},
  title = {20200623 Nordics Datacenter - Business Model -v5},
  journal = {Anhang 1.6}
}

% Relevanz:         Miner Metriken und Annahmen
@article{appendix:s19proassumptions,
  year = {2020},
  author = {{Genesis Group}},
  title = {20200623 Nordics Datacenter - Business Model -v5},
  journal = {Anhang 1.7}
}

% Relevanz:         Mining Worst-Case Szenario
@article{appendix:worstcasescenario,
  year = {2020},
  author = {{Genesis Group}},
  title = {20200623 Nordics Datacenter - Business Model -v5},
  journal = {Anhang 1.8}
}

% Relevanz:         Mining wahrscheinlichstes Szenario
@article{appendix:mostprobablescenario,
  year = {2020},
  author = {{Genesis Group}},
  title = {20200623 Nordics Datacenter - Business Model -v5},
  journal = {Anhang 1.9}
}

% Relevanz:         Mining Optimales Szenario
@article{appendix:optimalscenario,
  year = {2020},
  author = {{Genesis Group}},
  title = {20200623 Nordics Datacenter - Business Model -v5},
  journal = {Anhang 1.10}
}

% Relevanz:         Ergebnisse Monte-Carlo-Simulationen
@article{appendix:mcszenarien,
  year  = {2020},
  author = {{Genesis Group}},
  title = {monte-carlo-demo.pdf},
  journal = {Anhang 1.11}
}

% Relevanz:         Ergebnisse Monte-Carlo-Simulationen
@article{appendix:mcpreis,
  year  = {2020},
  author = {{Genesis Group}},
  title = {monte-carlo-demo.pdf},
  journal = {Anhang 1.12}
}

% Relevanz:         Ergebnisse Monte-Carlo-Simulationen
@article{appendix:mchashrate,
  year  = {2020},
  author = {{Genesis Group}},
  title = {monte-carlo-demo.pdf},
  journal = {Anhang 1.13}
}

% Relevanz:         BTC USD Kurs
@article{appendix:btcusd,
  year  = {2021},
  author = {{tradingview.com}},
  title = {BTCUSD},
  journal = {Anhang 1.14}
}