%%%%%%%%%%%%%%%%%%%%%%%%%%%%%%%%%%%%%%%%%%%%%%%%%
% methodik.bib                                  %
%%%%%%%%%%%%%%%%%%%%%%%%%%%%%%%%%%%%%%%%%%%%%%%%%

% Hier sind alle Quellen drin, die die folgenden Bereiche abdecken
% - Methodik
% - Literaturrecherche

%%%%%%%%%%%%%%%%%%%%%%%%%%%%%%%%%%%%%%%%%%%%%%%%%

% Suchbegriff:      ((Business AND Intelligence) OR BI) AND Scrum
% Suchdatum:        18.12.2020
% Suchplattform:    Google Scholar
% Relevanz:         Literatur review, Definition von Agilität
@inproceedings{knabke2013understanding,
  title={Understanding Information System agility--the example of business intelligence},
  author={Knabke, Tobias and Olbrich, Sebastian},
  booktitle={2013 46th Hawaii International Conference on System Sciences},
  pages={3817--3826},
  year={2013},
  organization={IEEE}
}

% Suchbegriff:      n/a
% Suchdatum:        n/a
% Suchplattform:    n/a
% Relevanz:         Literatur review
@article{brocke2009reconstructing,
  title={Reconstructing the giant: On the importance of rigour in documenting the literature search process},
  author={Brocke, Jan vom and Simons, Alexander and Niehaves, Bjoern and Niehaves, Bjorn and Reimer, Kai and Plattfaut, Ralf and Cleven, Anne},
  year={2009},
  journal={17th European Conference on Information Systems (ECIS 2009)},
  pages={2206--2217}
}

% Suchbegriff:      n/a
% Suchdatum:        n/a
% Suchplattform:    n/a
% Relevanz:         Konzept Matrix
@article{webster2002analyzing,
  title={Analyzing the past to prepare for the future: Writing a literature review},
  author={Webster, Jane and Watson, Richard T},
  journal={MIS quarterly},
  pages={xiii--xxiii},
  year={2002},
  publisher={JSTOR}
}

% Suchbegriff:      n/a
% Suchdatum:        n/a
% Suchplattform:    n/a
% Relevanz:         Literatur review
@article{cooper1988organizing,
  title={Organizing knowledge syntheses: A taxonomy of literature reviews},
  author={Cooper, Harris M},
  journal={Knowledge in society},
  volume={1},
  number={1},
  pages={104--126},
  year={1988},
  publisher={Springer}
}

% Suchbegriff:      (Business AND Intelligence) OR BI
% Suchdatum:        18.12.2020
% Suchplattform:    Google Scholar
% Relevanz:         Methoden BI
@article{jourdan2008business,
  title={Business intelligence: An analysis of the literature},
  author={Jourdan, Zack and Rainer, R Kelly and Marshall, Thomas E},
  journal={Information systems management},
  volume={25},
  number={2},
  pages={121--131},
  year={2008},
  publisher={Taylor \& Francis}
}

% Suchbegriff:      Methoden AND Wirtschaftsinformatik
% Suchdatum:        11.03.2021
% Suchplattform:    Google Scholar
% Relevanz:         Überblick Methoden, Definition Fallstudie, Defintion argumentativ-deduktiv
@article{wilde2007forschungsmethoden,
  title={Forschungsmethoden der Wirtschaftsinformatik},
  author={Wilde, Thomas and Hess, Thomas},
  journal={Wirtschaftsinformatik},
  volume={49},
  number={4},
  pages={280--287},
  year={2007},
  publisher={Springer}
}

% Suchbegriff:      Methoden AND Wirtschaftsinformatik
% Suchdatum:        11.03.2021
% Suchplattform:    Google Scholar
% Relevanz:         Überblick Methoden, Definition Fallstudie und argumentativ-deduktiv, qualitativ und Methodik
@techreport{wilde2006methodenspektrum,
  title={Methodenspektrum der Wirtschaftsinformatik},
  author={Wilde, Thomas and Hess, Thomas},
  year={2006},
  institution={Institut für Wirtschaftsinformatik und Neue Medien der Ludwig-Maximilians-Universität München}
}

% Suchbegriff:      n/a (Vorwärtssuche Wilde / Hess)
% Suchdatum:        11.03.2021
% Suchplattform:    Google Scholar
% Relevanz:         Aufbau und Einordnung Fallstudien, Porter
@techreport{gothlich2003fallstudien,
  title={Fallstudien als Forschungsmethode: Pl{\"a}doyer f{\"u}r einen Methodenpluralismus in der deutschen betriebswirtschaftlichen Forschung},
  author={G{\"o}thlich, Stephan E},
  year={2003},
  institution={Manuskripte aus den Instituten f{\"u}r Betriebswirtschaftslehre der Universit{\"a}t Kiel}
}

% Suchbegriff:      Stakeholder AND Business AND Intelligence
% Suchdatum:        11.03.2021
% Suchplattform:    Google Scholar
% Relevanz:         Stakeholderanalyse in Bereich Business Intelligence
@incollection{simmers2004stakeholder,
  title={A stakeholder model of business intelligence},
  author={Simmers, Claire A},
  booktitle={Business Intelligence Techniques},
  pages={227--242},
  year={2004},
  publisher={Springer}
}

% Suchbegriff:      Stakeholder AND Analysis AND Business AND Intelligence
% Suchdatum:        01.04.2021
% Suchplattform:    Google Scholar
% Relevanz:         Stakeholderanalyse in Bereich Business Intelligence
@article{reed2009s,
  title={Who's in and why? A typology of stakeholder analysis methods for natural resource management},
  author={Reed, Mark S and Graves, Anil and Dandy, Norman and Posthumus, Helena and Hubacek, Klaus and Morris, Joe and Prell, Christina and Quinn, Claire H and Stringer, Lindsay C},
  journal={Journal of environmental management},
  volume={90},
  number={5},
  pages={1933--1949},
  year={2009},
  publisher={Elsevier}
}