%%%%%%%%%%%%%%%%%%%%%%%%%%%%%%%%%%%%%%%%%%%%%%%%%
% misc.bib                                      %
%%%%%%%%%%%%%%%%%%%%%%%%%%%%%%%%%%%%%%%%%%%%%%%%%

% Hier sind alle Quellen drin, die die folgenden Bereiche abdecken
% - Wirtschaftinformatik allgemein
% - Schnittstellen und Online Quellen

%%%%%%%%%%%%%%%%%%%%%%%%%%%%%%%%%%%%%%%%%%%%%%%%%

@article{mertens2005grundzuge,
  title={Grundz{\"u}ge der Wirtschaftsinformatik},
  author={Mertens, Peter and Bodendorf, Freimut and K{\"o}nig, Wolfgang and Picot, Arnold and Schumann, Matthias and Hess, Thomas},
  year={2005},
  publisher={Springer}
}


@online{forbes2021musk,
  title = {How Elon Musk Moves The Price Of Bitcoin With His Twitter Activity},
  author = {Ron Shevlin},
  url = {https://www.forbes.com/sites/ronshevlin/2021/02/21/how-elon-musk-moves-the-price-of-bitcoin-with-his-twitter-activity/},
  date = {2021-02-21},
  urltime = {16:25},
  urldate = {2021-03-20}
}

@online{wwo2021api,
  title = {Weather API},
  author = {{World Weather Online}},
  url = {https://www.worldweatheronline.com/developer/api/},
  date = {2021-03-20},
  urltime = {16:00},
  urldate = {2021-03-20}
}

@online{wwo2021pricing,
  title = {Pricing},
  author = {{World Weather Online}},
  url = {https://www.worldweatheronline.com/developer/api/pricing2.aspx},
  date = {2021-03-20},
  urltime = {16:00},
  urldate = {2021-03-20}
}

@online{blockchain2021total,
  title = {Total Hash Rate (TH/s)},
  author = {blockchain.com},
  url = {https://www.blockchain.com/charts/hash-rate},
  date = {2021-03-20},
  urltime = {15:30},
  urldate = {2021-03-20}
}

@online{blockchain2021api,
  title = {Bitcoin Developer APIs},
  author = {blockchain.com},
  url = {https://www.blockchain.com/api},
  date = {2021-03-20},
  urltime = {15:30},
  urldate = {2021-03-20}
}

@online{bitcoin2021getdifficulty,
  title = {getdifficulty},
  author = {developer.bitcoin.org},
  url = {https://developer.bitcoin.org/reference/rpc/getdifficulty.html},
  date = {2021-03-20},
  urltime = {15:40},
  urldate = {2021-03-20}
}

@online{bitcoin2021getrawmempool,
  title = {getrawmempool},
  author = {developer.bitcoin.org},
  url = {https://developer.bitcoin.org/reference/rpc/getrawmempool.html},
  date = {2021-03-20},
  urltime = {15:35},
  urldate = {2021-03-20}
}

@online{bitinfocharts2021bitcointweets,
  title = {Bitcoin Price in USD vs. Tweets historical chart},
  author = {bitinfocharts.com},
  url = {https://bitinfocharts.com/comparison/price-tweets-btc-sma7.html#1y},
  date = {2021-03-20},
  urltime = {17:00},
  urldate = {2021-03-20}
}

@online{antminer2021manual,
  title = {S19 Pro Server Installation Guide},
  author = {Bitmain},
  url = {https://www.antminerdistribution.com/wp-content/uploads/2020/05/S19-Pro-manual.pdf},
  date = {2020-04-01},
  urltime = {13:50},
  urldate = {2021-03-22}
}

@online{awesomeminer2021api,
  title = {Configure privileged API access for Antminer},
  author = {{Awesome Miner}},
  url = {https://support.awesomeminer.com/support/solutions/articles/35000085989-configure-privileged-api-access-for-antminer},
  urltime = {13:55},
  urldate = {2021-03-20}
}

% Suchbegriff:      ERP AND Systems AND Financial AND Accounting
% Suchdatum:        22.03.2021
% Suchplattform:    Google Scholar
% Relevanz:         Ãœberblick ERP
@article{spathis2003usefulness,
  title={The usefulness of ERP systems for effective management},
  author={Spathis, Charalambos and Constantinides, Sylvia},
  journal={Industrial Management \& Data Systems},
  year={2003},
  publisher={MCB UP Ltd}
}

% Suchbegriff:      Forecasting AND Bitcoin AND Price AND Regression
% Suchdatum:        30.03.2021
% Suchplattform:    Google Scholar
% Relevanz:         Regression Bitcoin Preis
@article{ibrahim2020bitcoin,
  title={Bitcoin Network Mechanics: Forecasting the BTC Closing Price Using Vector Auto-Regression Models Based on Endogenous and Exogenous Feature Variables},
  author={Ibrahim, Ahmed and Kashef, Rasha and Li, Menglu and Valencia, Esteban and Huang, Eric},
  journal={Journal of Risk and Financial Management},
  volume={13},
  number={9},
  pages={189},
  year={2020},
  publisher={Multidisciplinary Digital Publishing Institute}
}